<?xml version="1.0" encoding="UTF-8"?><collection xmlns="http://www.loc.gov/MARC21/slim"><record><leader>00457nam--2200169-i-4500</leader><controlfield tag="001">000005865</controlfield><controlfield tag="002">20161230</controlfield><controlfield tag="005">20161230201026</controlfield><controlfield tag="008">060222s1000------------r-----000-0-eng-d</controlfield><datafield ind1=" " ind2=" " tag="040"><subfield code="a">IFIN-HH</subfield></datafield><datafield ind1=" " ind2=" " tag="080"><subfield code="a">53.01</subfield></datafield><datafield ind1="1" ind2=" " tag="100"><subfield code="a">Capek, Milic</subfield></datafield><datafield ind1="1" ind2="0" tag="245"><subfield code="a">The philosophical impact of contemporary physics</subfield><subfield code="c">Milic capek</subfield></datafield><datafield ind1=" " ind2=" " tag="260"><subfield code="a">Toronto</subfield><subfield code="b">D.Van Nostrand Company, Inc</subfield><subfield code="c">1961</subfield></datafield><datafield ind1=" " ind2=" " tag="300"><subfield code="a">XVII + 414 P</subfield></datafield><datafield ind1=" " ind2=" " tag="852"><subfield code="a">16984</subfield><subfield code="c">53.01</subfield></datafield><datafield ind1=" " ind2=" " tag="CAT"><subfield code="a">Sys</subfield><subfield code="c">20151013</subfield><subfield code="h">093613</subfield></datafield></record></collection>